@ARTICLE{howcroftReview2013,
   author = {Jennifer Howcroft and Jonathan Kofman and Edward D Lemaire },
   title = {Review of fall risk assessment in geriatric populations using sensors},
   journal = {Journal of NeuroEngineering and Rehabilitation},
   year = 2013,
	pages = {1-12}
}
@ARTICLE{butlerResearch2009,
   author = {Annie A Butler and Jasmine C Menant and Annie C Tiedemann and Stephen R Lord},
   title = {Age and gender differences in seven tests of functional  mobility},
      journal = {Journal of NeuroEngineering and Rehabilitation},
   year = 2009,
	pages = {1-9}
}

@ARTICLE{DoukasFallDetection2011,
author={Doukas, C.N. and Maglogiannis, I.},
journal={Information Technology in Biomedicine, IEEE Transactions on},
title={Emergency Fall Incidents Detection in Assisted Living Environments Utilizing Motion, Sound, and Visual Perceptual Components},
year={2011},
month={March},
volume={15},
number={2},
pages={277-289},
keywords={audio signal processing;biomechanics;body sensor networks;geriatrics;health care;image motion analysis;image sensors;medical image processing;microphone arrays;patient monitoring;target tracking;telemedicine;visual perception;assisted living environments;audio data processing;body sensors;classification techniques;elder population;elderly falls;emergency detection;emergency event;emergency fall incident detection;human activity interpretation;microphone arrays;motion behavior;motion data;motion information;overhead cameras;patient collapse;patient status awareness;personal health;semantic representation;sound directionality analysis;tracking techniques;trajectory tracking;visual perceptual components;Acceleration;Microphone arrays;Monitoring;Sensors;Tracking;Visualization;Activity recognition;assisted living environments;body sensors;context awareness;event detection;human safety;patient telemonitoring;Accidental Falls;Adult;Assisted Living Facilities;Humans;Image Processing, Computer-Assisted;Male;Monitoring, Ambulatory;Pattern Recognition, Automated;Sound Spectrography;Telemetry},
doi={10.1109/TITB.2010.2091140},
ISSN={1089-7771},}

@ARTICLE{JianFallDetection2015,
author={Jian, H. and Chen, H.},
journal={Communications, China},
title={A portable fall detection and alerting system based on k-NN algorithm and remote medicine},
year={2015},
month={April},
volume={12},
number={4},
pages={23-31},
keywords={Acceleration;Accelerometers;Angular velocity;Biomedical monitoring;Bluetooth;Gyroscopes;Smart phones;bluetooth;fall detection;k-NN;smart phone;telemedicine},
doi={10.1109/CC.2015.7114066},
ISSN={1673-5447},}

@ARTICLE{ErdoganFallDetection2014,
author={Erdogan, S.Z. and Bilgin, T.T.},
journal={Communications, IET},
title={A data mining approach for fall detection by using k-nearest neighbour algorithm on wireless sensor network data},
year={2012},
month={Dec},
volume={6},
number={18},
pages={3281-3287},
keywords={data mining;wireless sensor networks;WSN data stream;data mining;fall detection methods;full time care giving service;k-nearest neighbour algorithm;lazy learning algorithm;sensor devices;wireless sensor network data},
doi={10.1049/iet-com.2011.0228},
ISSN={1751-8628},}
@ARTICLE{Rubenstein2006,
   author = {Rubenstein L.Z.},
   title = {Falls in older people: epidemiology, risk factors and strategies for prevention},
   journal = {Age and Aging}, 
	volume = {35-{S2}},
   year = 2006,
	pages = {37-41}
}



@Book{Book1995Foster,
 author    = "Ian Foster",
 publisher = "Addison-Wesley",
 title     = "Designing and Building Parallel Programs",
 year      =  1995,
}
 %isbn      = "0385527403"
@INPROCEEDINGS{HW2013Gok,
author={Gok, M.Y. and Sagiroglu, M.S. and Unsalan, C. and Goren, S.},
booktitle={Signal Processing and Communications Applications Conference (SIU), 2013 21st},
title={Reconfigurable hardware-based genome aligner using quality scores},
year={2013},
pages={1-4}
}
@misc{CDC2014July,
title = {{Costs of Falls Among Older Adults}}, 
howpublished = {http://www.cdc.gov/ homeandrecreationalsafety/falls/fallcost.html},
year = 2014 }