@book{russel2009,
  author = {S. J. Russell and P. Norvig},
  publisher = {Prentice Hall},
  title = {{Artificial Intelligence: A Modern Approach}},
  year = {2009},
  edition = {3rd}
}

@techreport{Welch:1995:IKF:897831,
 author = {Welch, Greg and Bishop, Gary},
 title = {{An Introduction to the Kalman Filter}},
 year = {1995},
 publisher = {University of North Carolina at Chapel Hill},
 address = {Chapel Hill, NC, USA},
}

@inproceedings{bai2013recognition,
  title={{Recognition of direction of fall by smartphone}},
  author={Bai, Ying-Wen and Wu, Shiao-Chian and Yu, Chia Hao},
  booktitle={Electrical and Computer Engineering (CCECE), 2013 26th Annual IEEE Canadian Conference
on},
  pages={1--6},
  year={2013},
  organization={IEEE}
}

@inproceedings{baek2013real,
  title={{Real life applicable fall detection system based on wireless body area network}},
  author={Baek, Woon-Sung and Kim, Dong-Min and Bashir, Faisal and Pyun, Jae-Young},
  booktitle={Consumer Communications and Networking Conference (CCNC), 2013 IEEE},
  pages={62--67},
  year={2013},
  organization={IEEE}
}

@inproceedings{leone2013supervised,
  title={{Supervised wearable wireless system for fall detection}},
  author={Leone, Alessandro and Rescio, Gabriele and Siciliano, Pietro},
  booktitle={Measurements and Networking Proceedings (M\&N), 2013 IEEE International Workshop on},
  pages={200--205},
  year={2013},
  organization={IEEE}
}

@inproceedings{dumitrache2013fall,
  title={{Fall detection algorithm based on triaxial accelerometer data}},
  author={Dumitrache, Mihail and Pasca, Sever},
  booktitle={E-Health and Bioengineering Conference (EHB), 2013},
  pages={1--4},
  year={2013},
  organization={IEEE}
}


@inproceedings{kumarwearable,
  title={{A Wearable Inertial Sensing Device for Fall Detection and Motion Tracking}},
  author={Kumar, Praveen and Pandey, Prem C},
  booktitle={Proc. Annu. IEEE Conf. INDICON, Mumbai, India},
  pages={1--6},
  year={2013}
}

@inproceedings{liang2012pre,
  title={{Pre-impact \& impact detection of falls using wireless body sensor network}},
  author={Liang, Ding and Zhao, Guoru and Guo, Yanwei and Wang, Lei},
  booktitle={Biomedical and Health Informatics (BHI), 2012 IEEE-EMBS International Conference on},
  pages={763--766},
  year={2012},
  organization={IEEE}
}

@inproceedings{ojetola2011fall,
  title={Fall detection with wearable sensors--safe (Smart Fall Detection)},
  author={Ojetola, Olukunle and Gaura, Elena I and Brusey, James},
  booktitle={Intelligent Environments (IE), 2011 7th International Conference on},
  pages={318--321},
  year={2011},
  organization={IEEE}
}

@article{moya2014fall,
  title={Fall Detection and Damage Reduction in Biped Humanoid Robots},
  author={Moya, Javier and Ruiz-del-Solar, Javier and Orchard, Marcos and Parra-Tsunekawa, Isao},
  journal={International Journal of Humanoid Robotics},
  year={2014},
  publisher={World Scientific}
}

@inproceedings{li2009accurate,
  title={Accurate, fast fall detection using gyroscopes and accelerometer-derived posture 
information},
  author={Li, Qiang and Stankovic, John A and Hanson, Mark A and Barth, Adam T and Lach, John and 
Zhou, Gang},
  booktitle={6th International   Workshop on Wearable and Implantable Body Sensor Networks (BSN), 
  2009},
  pages={138--143},
  year={2009}
}

@book{Bishop:2006:PRM:1162264,
 author = {Bishop, Christopher M.},
 title = {Pattern Recognition and Machine Learning (Information Science and Statistics)},
 year = {2006},
 isbn = {0387310738},
 publisher = {Springer-Verlag New York, Inc.},
 address = {Secaucus, NJ, USA},
}

@inproceedings{steidl2012fall,
  title={Fall detection by recognizing patterns in direction changes of constraining forces},
  author={Steidl, S and Schneider, C and Hufnagl, M},
  booktitle={Proceedings of the eHealth 2012},
  pages={27--32},
  year={2012},
  organization={OCG}
}

@inproceedings{DernbachDKTC12,
  author = {Dernbach, Stefan and Das, Barnan and Krishnan, Narayanan Chatapuram and Thomas, Brian 
  L. and Cook, Diane J.},
  booktitle = {Intelligent Environments},
  crossref = {conf/intenv/2012},
  ee = {http://dx.doi.org/10.1109/IE.2012.39},
  isbn = {978-1-4673-2093-1},
  keywords = {dblp},
  pages = {214-221},
  publisher = {IEEE},
  timestamp = {2012-09-11T00:00:00.000+0200},
  title = {Simple and Complex Activity Recognition through Smart Phones.},
  url = {http://dblp.uni-trier.de/db/conf/intenv/intenv2012.html#DernbachDKTC12},
  year = {2012}
}

@INPROCEEDINGS{Bao04activityrecognition,
    author = {Ling Bao and Stephen S. Intille},
    title = {Activity recognition from user-annotated acceleration data},
    booktitle = {},
    year = {2004},
    pages = {1--17},
    publisher = {Springer}
}

@article{krishnan2014activity,
  title={Activity recognition on streaming sensor data},
  author={Krishnan, Narayanan C and Cook, Diane J},
  journal={Pervasive and Mobile Computing},
  volume={10},
  pages={138--154},
  year={2014},
  publisher={Elsevier}
}

@article{gao2014evaluation,
  title={Evaluation of accelerometer based multi-sensor versus single-sensor activity recognition 
  systems},
  author={Gao, Lei and Bourke, AK and Nelson, John},
  journal={Medical engineering \& physics},
  volume={36},
  number={6},
  pages={779--785},
  year={2014},
  publisher={Elsevier}
}

@inproceedings{alvarez2015evaluating,
  title={Evaluating Wearable Activity Recognition and Fall Detection Systems},
  author={{\'A}lvarez-Garc{\'\i}a, Juan Antonio and Morillo, Luis Miguel Soria and de La 
  Concepci{\'o}n, Miguel {\'A}ngel {\'A}lvarez and Fern{\'a}ndez-Montes, Alejandro and 
  Ram{\'\i}rez, Juan Antonio Ortega},
  booktitle={6th European Conference of the International Federation for Medical and Biological 
  Engineering},
  pages={653--656},
  year={2015},
  organization={Springer}
}



 
